@article{zhou2020pneumonia,
  title={A pneumonia outbreak associated with a new coronavirus of probable bat origin},
  author={Zhou, Peng and Yang, Xing-Lou and Wang, Xian-Guang and Hu, Ben and Zhang, Lei and Zhang, Wei and Si, Hao-Rui and Zhu, Yan and Li, Bei and Huang, Chao-Lin and others},
  journal={Nature},
  pages={1--4},
  year={2020},
  publisher={Nature Publishing Group}
}

@article{huang2020clinical,
  title={Clinical features of patients infected with 2019 novel coronavirus in Wuhan, China},
  author={Huang, Chaolin and Wang, Yeming and Li, Xingwang and Ren, Lili and Zhao, Jianping and Hu, Yi and Zhang, Li and Fan, Guohui and Xu, Jiuyang and Gu, Xiaoying and others},
  journal={The Lancet},
  volume={395},
  number={10223},
  pages={497--506},
  year={2020},
  publisher={Elsevier}
}

@article{ghinai2020first,
  title={First known person-to-person transmission of severe acute respiratory syndrome coronavirus 2 (SARS-CoV-2) in the USA},
  author={Ghinai, Isaac and McPherson, Tristan D and Hunter, Jennifer C and Kirking, Hannah L and Christiansen, Demian and Joshi, Kiran and Rubin, Rachel and Morales-Estrada, Shirley and Black, Stephanie R and Pacilli, Massimo and others},
  journal={The Lancet},
  year={2020},
  publisher={Elsevier}
}

@article{chang2020protecting,
  title={Protecting health-care workers from subclinical coronavirus infection},
  author={Chang, De and Xu, Huiwen and Rebaza, Andre and Sharma, Lokesh and Cruz, Charles S Dela},
  journal={The Lancet Respiratory Medicine},
  volume={8},
  number={3},
  pages={e13},
  year={2020},
  publisher={Elsevier}
}

@article{sorensen2006severe,
  title={Severe Acute Respiratory Syndrome (SARS) Development of Diagnostics and Antivirals},
  author={S{\o}rensen, Morten Dr{\ae}by and S{\o}rensen, Brian and GONZALEZ-DOSAL, REGINA and Melchjorsen, Connie Jenning and Weibel, Jens and Wang, Jing and Jun, Chen Wie and Huanming, Yang and Kristensen, Peter},
  journal={Annals of the New York Academy of Sciences},
  volume={1067},
  number={1},
  pages={500--505},
  year={2006},
  publisher={Wiley Online Library}
}

@article{weiss2020clinical,
  title={Clinical course and mortality risk of severe COVID-19},
  author={Weiss, Paul and Murdoch, David R},
  journal={The Lancet},
  year={2020},
  publisher={Elsevier}
}

@Misc{timeline+web,
howpublished = {\url{https://hgis.uw.edu/virus/}}
}

